@inproceedings{wohlberg2017sporco,
  title={SPORCO: A Python package for standard and convolutional sparse representations},
  author={Wohlberg, Brendt},
  booktitle={Proceedings of the 15th Python in Science Conference, Austin, TX, USA},
  pages={1--8},
  year={2017}
}

@inproceedings{ren2015faster,
  title={Faster r-cnn: Towards real-time object detection with region proposal networks},
  author={Ren, Shaoqing and He, Kaiming and Girshick, Ross and Sun, Jian},
  booktitle={Advances in neural information processing systems},
  pages={91--99},
  year={2015}
}

@Article{minvielle2019nursenet,
AUTHOR = {Minvielle, Ludovic and Audiffren, Julien},
TITLE = {NurseNet: Monitoring Elderly Levels of Activity with a Piezoelectric Floor},
JOURNAL = {Sensors},
VOLUME = {19},
YEAR = {2019},
NUMBER = {18},
ARTICLE-NUMBER = {3851},
}

@InProceedings{bristow2013fast,
author = {Bristow, Hilton and Eriksson, Anders and Lucey, Simon},
title = {Fast Convolutional Sparse Coding},
booktitle = {The IEEE Conference on Computer Vision and Pattern Recognition (CVPR)},
month = {June},
year = {2013}
}

@ARTICLE{hosang2016what,
author={J. {Hosang} and R. {Benenson} and P. {Doll√°r} and B. {Schiele}},
journal={IEEE Transactions on Pattern Analysis and Machine Intelligence}, 
title={What Makes for Effective Detection Proposals?}, 
year={2016},
volume={38},
number={4},
pages={814-830},
}

@INPROCEEDINGS{girshick2014rich,
author={R. {Girshick} and J. {Donahue} and T. {Darrell} and J. {Malik}},
booktitle={2014 IEEE Conference on Computer Vision and Pattern Recognition}, 
title={Rich Feature Hierarchies for Accurate Object Detection and Semantic Segmentation}, 
year={2014},
volume={},
number={},
pages={580-587}
}
